<?xml version="1.0" encoding="UTF-8"?><collection xmlns="http://www.loc.gov/MARC21/slim"><record><leader>00544nam--2200181-i-4500</leader><controlfield tag="001">000039356</controlfield><controlfield tag="002">20161230</controlfield><controlfield tag="005">20161230201042</controlfield><controlfield tag="008">060222s1000------------r-----000-0-eng-d</controlfield><datafield ind1=" " ind2=" " tag="040"><subfield code="a">IFIN-HH</subfield></datafield><datafield ind1=" " ind2=" " tag="080"><subfield code="a">621.317</subfield></datafield><datafield ind1="1" ind2=" " tag="110"><subfield code="a">National Bureau of Standards</subfield></datafield><datafield ind1="1" ind2="0" tag="245"><subfield code="a">Precision measurement and calibration</subfield><subfield code="b">Vol. 1. selected papers on electricity and electronics</subfield></datafield><datafield ind1=" " ind2=" " tag="260"><subfield code="a">Washington, National Bureau Of Standards, 1961</subfield></datafield><datafield ind1=" " ind2=" " tag="300"><subfield code="a">840 p</subfield></datafield><datafield ind1=" " ind2=" " tag="490"><subfield code="a">NBS Handbook 77</subfield><subfield code="v">vol. I</subfield></datafield><datafield ind1=" " ind2=" " tag="852"><subfield code="a">17099</subfield><subfield code="c">531.7</subfield></datafield><datafield ind1=" " ind2=" " tag="CAT"><subfield code="a">Sys</subfield><subfield code="c">20100709</subfield><subfield code="h">103017</subfield></datafield></record></collection>